<?xml version="1.0" encoding="UTF-8"?><record xmlns="http://www.loc.gov/MARC21/slim" xmlns:cinclude="http://apache.org/cocoon/include/1.0" xmlns:zs="http://www.loc.gov/zing/srw/">
  <leader>00539cz  a2200157n  4500</leader>
  <controlfield tag="001">n  86112531 </controlfield>
  <controlfield tag="003">DLC</controlfield>
  <controlfield tag="005">20080430075735.0</controlfield>
  <controlfield tag="008">860908n| acannaabn          |a aaa      </controlfield>
  <datafield tag="010" ind1=" " ind2=" ">
    <subfield code="a">n  86112531 </subfield>
  </datafield>
  <datafield tag="035" ind1=" " ind2=" ">
    <subfield code="a">(OCoLC)oca01695683</subfield>
  </datafield>
  <datafield tag="040" ind1=" " ind2=" ">
    <subfield code="a">DLC</subfield>
    <subfield code="b">eng</subfield>
    <subfield code="c">DLC</subfield>
    <subfield code="d">OCoLC</subfield>
  </datafield>
  <datafield tag="100" ind1="1" ind2=" ">
    <subfield code="a">Handel, Gottfried</subfield>
  </datafield>
  <datafield tag="400" ind1="1" ind2=" ">
    <subfield code="a">Handel, G.</subfield>
    <subfield code="q">(Gottfried)</subfield>
  </datafield>
  <datafield tag="670" ind1=" " ind2=" ">
    <subfield code="a">Namhafte Hochschullehrer der Karl-Marx-UniversitaĚt Leipzig, 1982- :</subfield>
    <subfield code="b">v. 1, verso t.p. (Prof. Dr. G. Handel) pref. (Gottfried Handel)</subfield>
  </datafield>
  <datafield tag="670" ind1=" " ind2=" ">
    <subfield code="a">LC data base, 9-4-86</subfield>
    <subfield code="b">(hdg.: Handel, Gottfried)</subfield>
  </datafield>
</record>